% !TeX encoding = windows-1251

@INPROCEEDINGS{D_C_A_Wang_Princeton_University_2002,
  author       = {Wang, D. C.-A.},
  year         = {2002},
  organization = {D. C.-A. Wang},
  title        = {Managing memory with types},
  pages        = {29--55},
  publisher    = {Princeton University},
}

@INCOLLECTION{Facebook_source,
  title        = {{Facebook open-source library documentation} [{Э}лектронный ресурс]},
  note          ={URL:~{https://github.com/facebook/folly/blob/master/folly/docs/FBVector.md}\ (Дата обращения 25.05.2021). Загл. с экр. Яз. англ.}
}